@article{Losacco:2023uvp,
    author = "Losacco, Nicola",
    title = "{Nonleptonic Bc decay rates from model independent relations}",
    eprint = "2302.12534",
    archivePrefix = "arXiv",
    primaryClass = "hep-ph",
    reportNumber = "BARI-TH/23-745",
    doi = "10.1142/S021773232350027X",
    journal = "Mod. Phys. Lett. A",
    volume = "38",
    number = "04",
    pages = "2350027",
    year = "2023"
}

@article{Colangelo:2022awx,
    author = "Colangelo, P. and De Fazio, F. and Losacco, N. and Loparco, F. and Novoa-Brunet, M.",
    title = "{Semileptonic Bc decays to P-wave charmonium and the nature of \ensuremath{\chi}c1(3872)}",
    eprint = "2208.13398",
    archivePrefix = "arXiv",
    primaryClass = "hep-ph",
    reportNumber = "BARI-TH/22-734",
    doi = "10.1103/PhysRevD.106.094005",
    journal = "Phys. Rev. D",
    volume = "106",
    number = "9",
    pages = "094005",
    year = "2022"
}

